@techreport{detect_grid,
  author={J. Wedekind and J. Penders and A. J. Lockwood and K. Sasada},
  year={2013},
  month=may,
  title={Using Generic Image Processing Operations to Detect a Calibration Grid},
  doi={10.6084/m9.figshare.696880},
  url={http://wedesoft.de/downloads/detect_grid.pdf}
}


@PhdThesis{thesis_wedekind,
  title={Efficient Implementations of Machine Vision Algorithms using a Dynamically Typed Programming Language},
  author={Jan Wedekind},
  school={Sheffield Hallam University},
  address={Sheffield, United Kingdom},
  year={2012},
  doi={10.6084/m9.figshare.97244},
  url={http://www.wedesoft.de/downloads/thesis_wedekind.pdf}
}
